<?xml version="1.0" encoding="UTF-8"?><record xmlns="http://www.loc.gov/MARC21/slim" xmlns:cinclude="http://apache.org/cocoon/include/1.0" xmlns:zs="http://www.loc.gov/zing/srw/">
  <leader>00664cz  a2200145n  4500</leader>
  <controlfield tag="001">no 89015987 </controlfield>
  <controlfield tag="003">DLC</controlfield>
  <controlfield tag="005">20130314092734.0</controlfield>
  <controlfield tag="008">891020n| azannaab           |a aaa     c</controlfield>
  <datafield tag="010" ind1=" " ind2=" ">
    <subfield code="a">no 89015987 </subfield>
  </datafield>
  <datafield tag="040" ind1=" " ind2=" ">
    <subfield code="a">InU</subfield>
    <subfield code="b">eng</subfield>
    <subfield code="e">rda</subfield>
    <subfield code="c">InU</subfield>
    <subfield code="d">DLC</subfield>
  </datafield>
  <datafield tag="100" ind1="1" ind2=" ">
    <subfield code="a">Jordan, Johann Christoph von,</subfield>
    <subfield code="d">active 18th century.</subfield>
    <subfield code="t">De originibus Slavicis</subfield>
  </datafield>
  <datafield tag="400" ind1="1" ind2=" ">
    <subfield code="w">nnea</subfield>
    <subfield code="a">Jordan, Johann Christoph von,</subfield>
    <subfield code="d">18th cent.</subfield>
    <subfield code="t">De originibus Slavicis</subfield>
  </datafield>
  <datafield tag="400" ind1="1" ind2=" ">
    <subfield code="a">Jordan, Johann Christoph von,</subfield>
    <subfield code="d">active 18th century.</subfield>
    <subfield code="t">Joan. Christophori de Jordan S.R.M., Hungariae &amp; Bohemiae ... De originibus Slavicis</subfield>
  </datafield>
  <datafield tag="670" ind1=" " ind2=" ">
    <subfield code="a">His Joan. Christophori de Jordan, S.R.M., Hungariae &amp; Bohemiae ... De orginibus Slavicis, 1745.</subfield>
  </datafield>
</record>